@article{hawthorne,
author = {Casey Hawthorne and Chris Rasmussen},
title = {A framework for characterizing studentsâ€™ thinking about logical statements and truth tables},
journal = {International Journal of Mathematical Education in Science and Technology},
volume = {46},
number = {3},
pages = {337-353},
year  = {2015},
publisher = {Taylor & Francis},
doi = {10.1080/0020739X.2014.979895},

URL = { 
        https://doi.org/10.1080/0020739X.2014.979895
    
},
eprint = { 
        https://doi.org/10.1080/0020739X.2014.979895
    
}

}
